@inproceedings{ali-2019-cscw,
  author = {Muhammad Ali and Piotr Sapiezynski and Miranda Bogen and Aleksandra Korolova and Alan Mislove and Aaron Rieke},
  title = {{Discrimination through Optimization: How Facebook's Ad Delivery can Lead to Biased Outcomes}},
  booktitle = {ACM Conference on Computer Supported Cooperative Work},
  year = 2019,
  category = {Algorithmic Auditing},
  file = {FacebookDelivery-CSCW.pdf},
  data = {\url{https://facebook-targeting.ccs.neu.edu/}},
  award = {Honorable Mention Award, Diversity and Inclusion Award},
}

@misc{EqualTimeRule,
  key = {{47 USC \S315 -- Candidates for public office}},
  title = {{47 USC \S315 -- Candidates for public office (1934 Communications Act)}},
  note = {\url{https://www.law.cornell.edu/uscode/text/47/315}},
}